@article{Wagner_2011,
  doi = {10.1108/17563781111159996},
  url = {http://dx.doi.org/10.1108/17563781111159996},
  year = {2011},
  month = {aug},
  publisher = {Emerald},
  volume = {4},
  number = {3},
  pages = {284--310},
  author = {Neal Wagner and Zbigniew Michalewicz and Sven Schellenberg and Constantin Chiriac and Arvind Mohais},
  title = {{Intelligent techniques for forecasting multiple time series in real-world systems}},
  journal = {International Journal of Intelligent Computing and Cybernetics},
}


@article{Tseng_2002,
  doi = {10.1016/s0040-1625(00)00113-x},
  url = {http://dx.doi.org/10.1016/s0040-1625(00)00113-x},
  year = {2002},
  month = {jan},
  publisher = {Elsevier {BV}},
  volume = {69},
  number = {1},
  pages = {71--87},
  author = {Fang-Mei Tseng and Hsiao-Cheng Yu and Gwo-Hsiung Tzeng},
  title = {{Combining neural network model with seasonal time series {ARIMA} model}},
  journal = {Technological Forecasting and Social Change},
}
